
@misc{IPCC2022,
    title = {Climate Change 2022: Impacts, Adaptation and Vulnerability. Working Group II Contribution to the IPCC Sixth Assessment Report},
    howpublished = {Cambridge University Press. In Press.},
    url = {https://www.ipcc.ch/report/ar6/wg2/},
}

@misc{carrying_capacity,
    author = {David Spratt},
    title = {At $4^{\circ}$C of warming, would a billion people survive? What scientists say.},
    hotpublished = {\url{https://www.climatecodered.org/2019/08/at-4c-of-warming-would-billion-people.html}},
}


@article{tipping2022,
  author  = {David I. Armstrong McKay and Arie Staal and Jesse F. Abrams and Ricarda Winkelmann and Boris Sakschewski and Sina Loriani and Ingo Fetzer and Sarah E. Cornell and Johan Rockstr√∂m and Timothy M. Lenton},
  title   = "Exceeding $1.5^{\circ}$C global warming could trigger multiple climate tipping points",
  journal = "Science",
  year    = 2022,
  month   = "Sep",
  volume  = "377",
  number  = "6611",
  pages   = "286--295",
  url = {https://www.youtube.com/watch?v=LxoyaCSWFGs},
  youtube = {https://www.youtube.com/watch?v=LxoyaCSWFGs},
}


@misc{climaterisk2021,
  author  = "{Chatham House}",
  title   = "Climate change risk assessment 2021",
  hotpublished = {\url{https://www.chathamhouse.org/2021/09/climate-change-risk-assessment-2021}},
  twitter = {https://nitter.it/ThierryAaron/status/1442442451541807109#m},
}

