
@misc{identity_cycle,
    author = {Ian Grigg},
    title = {Identity Cycle},
    year = {2021},
    howpublished = {\url{https://iang.org/identity_cycle/}},
    youtube = {https://www.youtube.com/watch?v=2ITif1OBVX8},
}


@misc{w3c_vc_use_cases,
    title = {Verifiable Credentials Use Cases},
    howpublished = {W3C Working Group Note 24 September 2019. \url{https://www.w3.org/TR/vc-use-cases/}},
}
