@inproceedings{kesBellare,
  title={A forward-secure digital signature scheme},
  author={Bellare, Mihir and Miner, Sara K},
  booktitle={Annual International Cryptology Conference},
  pages={431--448},
  year={1999},
  organization={Springer}
}

@inproceedings{kesItkis,
	title={Forward-secure signatures with optimal signing and verifying},
	author={Itkis, Gene and Reyzin, Leonid},
	booktitle={Annual International Cryptology Conference},
	pages={332--354},
	year={2001},
	organization={Springer}
}

@inproceedings{praos,
	title={Ouroboros praos: An adaptively-secure, semi-synchronous proof-of-stake blockchain},
	author={David, Bernardo and Ga{\v{z}}i, Peter and Kiayias, Aggelos and Russell, Alexander},
	booktitle={Annual International Conference on the Theory and Applications of Cryptographic Techniques},
	pages={66--98},
	year={2018},
	organization={Springer}
}


@inproceedings{vrfmicali,
	title={Verifiable random functions},
	author={Micali, Silvio and Rabin, Michael and Vadhan, Salil},
	booktitle={40th annual symposium on foundations of computer science (cat. No. 99CB37039)},
	pages={120--130},
	year={1999},
	organization={IEEE},
	ournote = {becomes vrf_micali in refs_new.bib}
}

@inproceedings{vrflysyanskaya,
	title={Unique signatures and verifiable random functions from the DH-DDH separation},
	author={Lysyanskaya, Anna},
	booktitle={Annual International Cryptology Conference},
	pages={597--612},
	year={2002},
	organization={Springer}
}

@inproceedings{vrfshort,
	title={A verifiable random function with short proofs and keys},
	author={Dodis, Yevgeniy and Yampolskiy, Aleksandr},
	booktitle={International Workshop on Public Key Cryptography},
	pages={416--431},
	year={2005},
	organization={Springer}
}

@inproceedings{uccomm,
	title={Universally composable synchronous computation},
	author={Katz, Jonathan and Maurer, Ueli and Tackmann, Bj{\"o}rn and Zikas, Vassilis},
	booktitle={Theory of Cryptography Conference},
	pages={477--498},
	year={2013},
	organization={Springer}
}

@inproceedings{genesis,
	title={Ouroboros genesis: Composable proof-of-stake blockchains with dynamic availability},
	author={Badertscher, Christian and Ga{\v{z}}i, Peter and Kiayias, Aggelos and Russell, Alexander and Zikas, Vassilis},
	booktitle={Proceedings of the 2018 ACM SIGSAC Conference on Computer and Communications Security},
	pages={913--930},
	year={2018},
	organization={ACM}
}


@misc{canetti1,
	author = {Ran Canetti},
	title = {Universally Composable Security: A New Paradigm for Cryptographic Protocols},
	howpublished = {Cryptology ePrint Archive, Report 2000/067},
	year = {2000},
	note = {\url{https://eprint.iacr.org/2000/067}},
}

@inproceedings{canetti2,
	title={Universally composable security: A new paradigm for cryptographic protocols},
	author={Canetti, Ran},
	booktitle={Proceedings 2001 IEEE International Conference on Cluster Computing},
	pages={136--145},
	year={2001},
	organization={IEEE}
}


@inproceedings{backbone,
	title={The bitcoin backbone protocol: Analysis and applications},
	author={Garay, Juan and Kiayias, Aggelos and Leonardos, Nikos},
	booktitle={Annual International Conference on the Theory and Applications of Cryptographic Techniques},
	pages={281--310},
	year={2015},
	organization={Springer}
}

@article{consistency,
	title={Consistency of proof-of-stake blockchains with concurrent honest slot leaders},
	author={Kiayias, Aggelos and Quader, Saad and Russell, Alexander},
	journal={arXiv preprint arXiv:2001.06403},
	year={2020}
}

@article{singleleader,
	title={Single Secret Leader Election},
	author={Boneh, Dan and Eskandarian, Saba and Hanzlik, Lucjan and Greco, Nicola},
	journal={IACR Cryptol. ePrint Arch.},
	volume={2020},
	pages={25},
	year={2020}
}

@inproceedings{uc-sc,
	title={Universally composable notions of key exchange and secure channels},
	author={Canetti, Ran and Krawczyk, Hugo},
	booktitle={International Conference on the Theory and Applications of Cryptographic Techniques},
	pages={337--351},
	year={2002},
	organization={Springer}
}

@article{fnizk,
	title={New techniques for noninteractive zero-knowledge},
	author={Groth, Jens and Ostrovsky, Rafail and Sahai, Amit},
	journal={Journal of the ACM (JACM)},
	volume={59},
	number={3},
	pages={1--35},
	year={2012},
	publisher={ACM New York, NY, USA}
}
