
@inproceedings{agg_dkg,
  author    = {Kobi Gurkan and
               Philipp Jovanovic and
               Mary Maller and
               Sarah Meiklejohn and
               Gilad Stern and
               Alin Tomescu},
  editor    = {Anne Canteaut and
               Fran{\c{c}}ois{-}Xavier Standaert},
  title     = {Aggregatable Distributed Key Generation},
  booktitle = {{EUROCRYPT} 2021},
  series    = {LNCS},
  volume    = {12696},
  pages     = {147--176},
  year      = {2021},
  doi_url   = {https://doi.org/10.1007/978-3-030-77870-5\_6},
  doi       = {10.1007/978-3-030-77870-5\_6},
  note      = {\url{https://ia.cr/2021/005}},
  url       = {https://ia.cr/2021/005},
}


@inproceedings{vrf_micali,
    title = {Verifiable random functions},
    author = {Micali, Silvio and Rabin, Michael and Vadhan, Salil},
    booktitle = {40th annual symposium on foundations of computer science (cat. No. 99CB37039)},
    pages = {120--130},
    year = {1999},
    organization = {IEEE},
    url = {https://dash.harvard.edu/handle/1/5028196},
    doi = {10.1109/SFFCS.1999.814584}
}


@misc{group_sig_survey,
    author = {Mark Manulis and Nils Fleischhacker and Felix G\"unther and Franziskus Kiefer and Bertram Poettering},
    title = {Group Signatures: Authentication with Privacy},
    howpublished = {BSI},
    year = {2011},
    note = {\url{https://www.franziskuskiefer.de/paper/GruPA.pdf} and \url{https://www.bsi.bund.de/SharedDocs/Downloads/EN/BSI/Publications/Studies/GruPA/GruPA.pdf}},
}

@misc{cryptoeprint:2020:823,
    author = {Jacqueline Brendel and Cas Cremers and Dennis Jackson and Mang Zhao},
    title = {The Provable Security of Ed25519: Theory and Practice},
    howpublished = {Cryptology ePrint Archive, Report 2020/823},
    year = {2020},
    note = {\url{https://eprint.iacr.org/2020/823}},
}

@misc{cryptoeprint:2021:181,
    author = {Jesus Diaz and Anja Lehmann},
    title = {Group Signatures with User-Controlled and Sequential Linkability},
    howpublished = {Cryptology ePrint Archive, Report 2021/181},
    year = {2021},
    note = {\url{https://eprint.iacr.org/2021/181}},
}

@misc{cryptoeprint:2016:260,
    author       = {Jens Groth},
    title        = {On the Size of Pairing-based Non-interactive Arguments},
    howpublished = {Cryptology ePrint Archive, Report 2016/260},
    year         = {2016},
}


